@inproceedings{svgd,
  title={Stein variational gradient descent: A general purpose bayesian inference algorithm},
  author={Liu, Qiang and Wang, Dilin},
  booktitle={Advances in neural information processing systems},
  pages={2378--2386},
  year={2016}
}
@inproceedings{svgd-gradient-flow,
  title={Stein Variantional Gradient Descent as Gradient Flow},
  author={Liu, Qiang and Wang, Dilin},
  booktitle={Advances in neural information processing systems},
  pages={2378--2386},
  year={2016}
}
% @article{moment-matching,
%   title={Stein Variational Gradient Descent as Moment Matching},
%   author={Qiang Liu, Dilin Wang},
%   journal={32nd Conference on Neural Information Processing Systems 2018},
%   year={2018},
% }
% @article{stein-discrepancy,
%   title={A Kernelized Stein Discrepancy for Goodness-of-fit Tests},
%   author={Qiang Liu, Jason D. Lee, Micheal Jordan},
%   journal={Proceedings of the 33rd International Conference on Machine Learning; JMLR: W\&CP},
%   volume={48},
%   year={2016},
% }
% @article{og-stein-discrepancy,
%   title={Measuring Sample Quality with Steinâ€™s Method},
%   author={Jackson Gorham, Lester Mackey},
%   year={2015},
%   journal={arxiv v6}
% }
% @article{svgd-mean-field,
%   title={SCALING LIMIT OF THE STEIN VARIATIONAL GRADIENTDESCENT: THE MEAN FIELD REGIME},
%   author={Jianfeng Lu, Yulong Lu, James Nolen},
%   journal={Siam Journal on Mathematical Analysis},
%   year={2019},
% }
% @article{random_features,
%   title={Random Features for Large-Scale Kernel Machines},
%   author={Ali Rahimi, Ben Recht},
%   journal={NIPS 2007},
%   year={2007},
% }
% @article{matrix-svgd,
%   title={Stein Variational Gradient Descent with
%   Matrix-Valued Kernels},
%   author={Dilin Wang, Ziyang Tang, Chandrajit Bajaj, Qiang Liu},
%   journal={NeurIPS 2019},
%   year={2019},
% }
% @article{stochasticgradient,
%   title={A stochastic approximation method},
%   author={Robbins, Herbert and Monro, Sutton},
%   journal={The annals of mathematical statistics},
%   pages={400--407},
%   year={1951},
%   publisher={JSTOR}
% }
